01REMESSA01COBRANCA                           MEDICAR RIBEIRAO PRETO        001BANCO DO BRASIL05121601600BPI                                                                                                                                                                                                                                                                                              000001
10268322411000137                       1149301 OSWALDO FAGUND3231149301                                   101876 1116  15111600000000215100330000005N051216600099999999999990000000000000000000000000000000000000000000000100016166124872OSWALDO FAGUNDES                        R TAMENDARE  636                        CAMPOS ELISE14085070RIBEIRAO PRETO SP                                           000001
10268322411000137                       1149345 HILDA OCTAVIAN3231149345                                   1016803 1116 15111600000000077400330000005N051216600099999999999990000000000000000000000000000000000000000000000100003939195871HILDA OCTAVIANO GARCIA                  R AMERICO BRASILIENSE  1340 APTO 93     CENTRO      14015050RIBEIRAO PRETO SP                                           000002
10268322411000137                       1149363 ROSANGELA APAR3231149363                                   1018865 1116 15111600000000046750330000005N051216600099999999999990000000000000000000000000000000000000000000000100021375268830ROSANGELA APARECIDA BERNUZZI THOMAZINI  R DOUTOR LOIOLA 542                     VL TIBERIO  14050070RIBEIRAO PRETO SP                                           000003
10268322411000137                       1149367 EDISON RODRIGU3231149367                                   1019028 1116 15111600000000095600330000005N051216600099999999999990000000000000000000000000000000000000000000000100001095030159EDISON RODRIGUES DE FREITAS             ROD A MACH SANTANA KM 6 CS 65 CON ITAMBEDIST BONFIM 14098802RIBEIRAO PRETO SP                                           000004
10268322411000137                       1149372 REGINA CELIA C3231149372                                   1019275 1116 15111600000000095600330000005N051216600099999999999990000000000000000000000000000000000000000000000100086276581887REGINA CELIA CARUCCI                    R JOAQUIM ESTANISLAU DE GUSMAO 566      JD PRES MEDI14091330RIBEIRAO PRETO SP                                           000005
10268322411000137                       1149426 NEUSA CALDO MA3231149426                                   10134331 111615111600000000072100330000005N051216600099999999999990000000000000000000000000000000000000000000000100099999999999NEUSA CALDO MARTINELLI                  R TEREZA TOSSANI LIVRINI  367           PRES MEDICI 14091340RIBEIRAO PRETO SP                                           000006
9                                                                                                                                                                                                                                                                                                                                                                                                         000007