02RETORNO01COBRANCA       012500444851        TEKECARING TELEASSISTENCIA LT 341BANCO ITAU S.A.04041401600BPI00008070414                                                                                                                                                                                                                                                                                   000001
10217527975000175012500444851        23                       03277378            112032773783             I0604041423        03277378            10041400000000115001044082405000000000000000000000000000000000000000000000000000000000000000000000000000000000000001150000000000000000000000000000   07041400000000000000000000000HELLENICE PANDOSSIO TAPARELLI                                       B5000002
10217527975000175012500444851        27                       03277379            112032773791             I0604041427        03277379            10041400000000090002371701205000000000000000000000000000000000000000000000000000000000000000000000000000000000000000900000000000000000000000000000   07041400000000000000000000000MARCIA ANGELICA DOMINGOS                                            B1000003
9201341          0000000400000000040900  07/04S          000000000000000000000000000000                                                  000000000000000000000000000000          0000000100000000009000  07/04S000080000000200000000020500                                                                                                                                                                000004
