02RETORNO01COBRANCA       012500444851        TEKECARING TELEASSISTENCIA LT 341BANCO ITAU S.A.10041401600BPI00010110414                                                                                                                                                                                                                                                                                   000001
10217527975000175012500444851                                 77212192            157772121922             I0610041417_0314   77212192            250314000000000900034145161  000000000050000000000000000000000000000000000000000000000000000000000000000000000000000850000000000000000000000000000   11041400000000000000000000000OSCAR VEIGA DOS REIS                                                CP000002
9201341          0000000300000000027500  11/04S          000000000000000000000000000000                                                  000000000000000000000000000000          000000000000000000000000000000000100000000100000000009000                                                                                                                                                                000003
